<record><leader>00000cas a22000007a 4500</leader><controlfield tag="001">12083697</controlfield><controlfield tag="008">850525d19431961wiuwr ne      0    0eng d</controlfield><datafield ind1=" " ind2=" " tag="010"><subfield code="a">sn 85040633 </subfield></datafield><datafield ind1=" " ind2=" " tag="040"><subfield code="a">NPV</subfield><subfield code="b">eng</subfield><subfield code="c">NPV</subfield><subfield code="d">OCLCQ</subfield></datafield><datafield ind1=" " ind2=" " tag="042"><subfield code="a">msc</subfield></datafield><datafield ind1=" " ind2=" " tag="045"><subfield code="a">x4x6</subfield></datafield><datafield ind1=" " ind2=" " tag="052"><subfield code="a">4123</subfield><subfield code="b">W7</subfield></datafield><datafield ind1="0" ind2="4" tag="245"><subfield code="a">The Hancock-Coloma news.</subfield></datafield><datafield ind1=" " ind2=" " tag="260"><subfield code="a">Hancock, Waushara County, Wis. :</subfield><subfield code="b">Hancock News,</subfield><subfield code="c">1943-1961.</subfield></datafield><datafield ind1=" " ind2=" " tag="300"><subfield code="a">15 v. :</subfield><subfield code="b">ill.</subfield></datafield><datafield ind1=" " ind2=" " tag="310"><subfield code="a">Weekly</subfield></datafield><datafield ind1="0" ind2=" " tag="362"><subfield code="a">Vol. 46, no. 20 (Mar. 18, 1943)-v. 60, no. 18 (Feb. 23, 1961).</subfield></datafield><datafield ind1=" " ind2=" " tag="500"><subfield code="a">Editors: O.C. Adams, Mar. 1943-May 1954.--C. Webster, June 1954-Mar. 1955.--C. Webster, L. Webster, Apr. 1955-Oct. 1958.--R. Glaman, Nov. 1958-Mar. 1960.--R.J. Wells, Mar.-Nov. 1960.--R. Harrison, Feb. 1961.</subfield></datafield><datafield ind1=" " ind2=" " tag="530"><subfield code="a">Available on microfilm from The State Historical Society of Wisconsin.</subfield></datafield><datafield ind1=" " ind2=" " tag="752"><subfield code="a">United States</subfield><subfield code="b">Wisconsin</subfield><subfield code="c">Waushara</subfield><subfield code="d">Hancock.</subfield></datafield><datafield ind1=" " ind2=" " tag="752"><subfield code="a">United States</subfield><subfield code="b">Wisconsin</subfield><subfield code="c">Waushara</subfield><subfield code="d">Coloma.</subfield></datafield><datafield ind1="0" ind2="0" tag="780"><subfield code="t">Hancock news</subfield><subfield code="w">(DLC)sn 85040642</subfield></datafield><datafield ind1="0" ind2="7" tag="785"><subfield code="t">Sun (Plainfield, Wis.)</subfield><subfield code="w">(DLC)sn 86086025</subfield></datafield><datafield ind1="0" ind2="7" tag="785"><subfield code="t">Sun-news press</subfield><subfield code="w">(DLC)sn 86086026</subfield></datafield><datafield ind1="1" ind2=" " tag="029"><subfield code="a">AU@</subfield><subfield code="b">000025802982</subfield></datafield></record>